<?xml version="1.0" encoding="UTF-8"?>
<marc:collection xmlns="http://www.loc.gov/MARC21/slim" xmlns:marc="http://www.loc.gov/MARC21/slim" xmlns:xsi="http://www.w3.org/2001/XMLSchema-instance" xsi:schemaLocation="http://www.loc.gov/standards/marcxml/schema/MARC21slim.xsd http://www.loc.gov/MARC21/slim">
  <record>
    <leader>00000npcaa2200000 u 4500</leader>
    <controlfield tag="008">180202i18801889xx                  eng d</controlfield>
    <datafield ind1=" " ind2=" " tag="040">
      <subfield code="a">DWP</subfield>
      <subfield code="b">eng</subfield>
      <subfield code="c">DWP</subfield>
      <subfield code="e">dacs</subfield>
    </datafield>
    <datafield ind1="0" ind2="7" tag="041">
      <subfield code="a">eng</subfield>
      <subfield code="2">iso639-2b</subfield>
    </datafield>
    <datafield ind1=" " ind2=" " tag="049">
      <subfield code="a">DWP</subfield>
    </datafield>
    <datafield ind1=" " ind2=" " tag="099">
      <subfield code="a">051</subfield>
    </datafield>
    <datafield ind1="0" ind2="0" tag="245">
      <subfield code="a">National Rifles Scrapbook Collection,</subfield>
      <subfield code="f">1880-1889</subfield>
    </datafield>
    <datafield ind1=" " ind2=" " tag="300">
      <subfield code="a">5</subfield>
      <subfield code="f">boxes</subfield>
    </datafield>
    <datafield ind1="2" ind2=" " tag="520">
      <subfield code="a">The scrapbooks contain clippings, invitations, programs, memorabilia, handwritten and typewritten letters, ledgers, receipts, meetings minutes, and a few copies of Canteen, the daily record of the National Rifles and an oversized poster for the July 4th Military Celebration in St. Louis, Missouri.

Also included is a box of cabinet card images of uniformed members of the National Rifles.  Notes on the back of the photographs indicate that the images came from the Evans Collection in November 1929.
.</subfield>
    </datafield>
    <datafield ind1=" " ind2=" " tag="545">
      <subfield code="a">The National Rifles, an independent company of the D.C. Militia, was organized in 1859 in the wake of John Brown’s raid.  It was the first company of citizen troops ordered into the Civil War in 1861.  A few years after the War, the militia disbanded or merged with other troops. The National Rifle Armory was located on G Street between 9th and 10th at the site of the current Mather Building, directly across from the MLK Library.  Members of the company formed a veteran’s organization to hold annual reunions, fairs, soirees, dinners, and other events to commemorate the anniversary of their founding and military service.</subfield>
    </datafield>
    <datafield ind1=" " ind2=" " tag="546">
      <subfield code="a">English.</subfield>
    </datafield>
    <datafield ind1="1" ind2=" " tag="561">
      <subfield code="a">The Scrapbooks were donated to the Washingtoniana Division in 1929 by Mr. and Mrs. Evans.  This information was found in the Washingtoniana Division Daybook for November 5, 1929.</subfield>
    </datafield>
    <datafield ind1=" " ind2="0" tag="650">
      <subfield code="a">Washington (D.C.)</subfield>
    </datafield>
    <datafield ind1=" " ind2="0" tag="651">
      <subfield code="a">United States</subfield>
      <subfield code="x">Armed Forces</subfield>
    </datafield>
    <datafield ind1=" " ind2=" " tag="852">
      <subfield code="a">DWP</subfield>
    </datafield>
    <datafield ind1="4" ind2="2" tag="856">
      <subfield code="z">Finding aid online:</subfield>
      <subfield code="u">http://washingtoniana.dclibrary.org</subfield>
    </datafield>
  </record>
</marc:collection>

